@book{petroski-to-eng-is-human,
	author = "Petroski, Henry",
	title = "To engineer is human: The role of failure in succesful design",
	publisher = "St. Martin Press",
	edition = "1",
  year = "1985",
}

@article{atomic-weights-2013,
  author = "Wieser, Michael E. and Holden, Norman and Coplen, Tyler B. and Böhlke, John K. and Berglund, Michael and Brand, Willi A. and De Bièvre, Paul and Gröning, Manfred and Loss, Robert D. and Meija, Juris and Hirata, Takafumi and Prohaska, Thomas and Schoenberg, Ronny and O'Connor, Glenda and Walczyk, Thomas and Yoneda, Shige and Zhu, Xiang-Kun",
  title = "Atomic weights of the elements 2013",
  journal = "Pure Applied Chemistry",
  pages = "265--291",
  volume = "88",
  number = "3",
  year = "2016",
  month = "March",
  url = "http://www.ciaaw.org/pubs/TSAW-2011.pdf",
  url = "https://www.degruyter.com/view/j/pac.2016.88.issue-3/issue-files/pac.2016.88.issue-3.xml"
}
